<record><leader>00000cas a2200000 a 4500</leader><controlfield tag="001">10884672</controlfield><controlfield tag="008">840626d18901890ksuwr ne      0   a0eng d</controlfield><datafield ind1=" " ind2=" " tag="010"><subfield code="a">sn 84029335 </subfield></datafield><datafield ind1=" " ind2=" " tag="040"><subfield code="a">KSH</subfield><subfield code="b">eng</subfield><subfield code="c">KSH</subfield><subfield code="d">NPT</subfield><subfield code="d">OCL</subfield><subfield code="d">OCLCQ</subfield></datafield><datafield ind1=" " ind2=" " tag="042"><subfield code="a">msc</subfield></datafield><datafield ind1="0" ind2="0" tag="245"><subfield code="a">Jennings alliance times.</subfield></datafield><datafield ind1=" " ind2=" " tag="260"><subfield code="a">Jennings, Kan. :</subfield><subfield code="b">John Shields,</subfield><subfield code="c">1890.</subfield></datafield><datafield ind1=" " ind2=" " tag="300"><subfield code="a">1 v. ;</subfield><subfield code="c">56 cm.</subfield></datafield><datafield ind1=" " ind2=" " tag="310"><subfield code="a">Weekly</subfield></datafield><datafield ind1="0" ind2=" " tag="362"><subfield code="a">Vol. 3, no. 32 (Apr. 4, 1890)-v. 3, no. 43 (June 20, 1890).</subfield></datafield><datafield ind1=" " ind2=" " tag="500"><subfield code="a">Published by John Shields and Co., Apr. 11-June 20, 1890.</subfield></datafield><datafield ind1=" " ind2=" " tag="500"><subfield code="a">" ... full-fledged Alliance paper ..."</subfield></datafield><datafield ind1=" " ind2=" " tag="550"><subfield code="a">Official paper of Decatur County Farmer's Alliance, June 13-20, 1890.</subfield></datafield><datafield ind1=" " ind2=" " tag="752"><subfield code="a">United States</subfield><subfield code="b">Kansas</subfield><subfield code="c">Decatur</subfield><subfield code="d">Jennings.</subfield></datafield><datafield ind1="0" ind2="0" tag="780"><subfield code="t">Jennings times</subfield><subfield code="w">(DLC)sn 84029333</subfield></datafield><datafield ind1="0" ind2="0" tag="785"><subfield code="t">Alliance times</subfield><subfield code="w">(DLC)sn 84029336</subfield></datafield></record>